@inproceedings{King09,
  author = "Samuel T. King",
  title = "Something interesting",
  booktitle = "Proceedings of the Spring 2009 CS 523 Class",
  year = "2009",
  month = "March"
}
